%%%%%%%%%%%%%%%%%%%%%%%%%%%%%%%%%%%%%%%%%%%%%%%%%%%%%%%%%%%%%%%%%%%%%%
%%% Scientific papers on Decentralized Finance (DeFi)
%%%%%%%%%%%%%%%%%%%%%%%%%%%%%%%%%%%%%%%%%%%%%%%%%%%%%%%%%%%%%%%%%%%%%%

@article{BCL22lmcs,
  author       = {Massimo Bartoletti and
                  James Hsin{-}yu Chiang and
                  Alberto Lluch{-}Lafuente},
  title        = {A theory of Automated Market Makers in DeFi},
  journal      = {Log. Methods Comput. Sci.},
  volume       = {18},
  number       = {4},
  year         = {2022},
  url          = {https://doi.org/10.46298/lmcs-18(4:12)2022},
  doi          = {10.46298/LMCS-18(4:12)2022},
  timestamp    = {Sun, 16 Apr 2023 20:31:21 +0200},
  biburl       = {https://dblp.org/rec/journals/lmcs/BartolettiCL22.bib},
  bibsource    = {dblp computer science bibliography, https://dblp.org}
}

@inproceedings{BCL22fc,
  author    = {Massimo Bartoletti and
               James Hsin{-}yu Chiang and
               Alberto Lluch{-}Lafuente},
  booktitle = {Financial Cryptography},
  title     = {Maximizing Extractable Value from {Automated} {Market} {Makers}},
  series    = {LNCS},
  publisher = {Springer},
  volume    = {13411},
  pages     = {3--19},
  doi       = {10.1007/978-3-031-18283-9_1},  
  year      = {2022},
}

@inproceedings{BCL21coordination,
  author    = {Massimo Bartoletti and
               James Hsin{-}yu Chiang and
               Alberto Lluch{-}Lafuente},
  title     = {A {Theory} of {Automated} {Market} {Makers} in {DeFi}},
  booktitle = {Coordination Models and Languages},
  series    = {LNCS},
  volume    = {12717},
  pages     = {168--187},
  publisher = {Springer},
  year      = {2021},
  doi       = {10.1007/978-3-030-78142-2_11},
}

@inproceedings{BCL21defi,
  author    = {Massimo Bartoletti and
               James Hsin{-}yu Chiang and
               Alberto Lluch{-}Lafuente},
  title     = {Towards a Theory of Decentralized Finance},
  booktitle = {Financial Cryptography Workshops},
  series    = {LNCS},
  volume    = {12676},
  pages     = {227--232},
  publisher = {Springer},
  year      = {2021},
  doi       = {10.1007/978-3-662-63958-0_20},
}

@inproceedings{deMoura2021lean4,
  author    = {Leonardo de Moura and Sebastian Ullrich},
  title     = {The Lean 4 Theorem Prover and Programming Language},
  booktitle = {Automated Deduction -- CADE 28},
  series    = {Lecture Notes in Computer Science},
  volume    = {12699},
  pages     = {625--635},
  publisher = {Springer, Cham},
  year      = {2021},
  doi       = {10.1007/978-3-030-79876-5_37},
  url       = {https://lean-lang.org/papers/lean4.pdf}
}

@misc{Baum21sok,
  author    = {Carsten Baum and James Hsin-yu Chiang and Bernardo David and Tore Kasper Frederiksen and Lorenzo Gentile},
  title        = {{SoK}: Mitigation of Front-running in Decentralized Finance},
  howpublished = {Cryptology ePrint Archive, Report 2021/1628},
  year         = {2021},
  note         = {\url{https://ia.cr/2021/1628}},
}

@misc{werner2021sok,
      title={SoK: Decentralized Finance (DeFi)}, 
      author={Sam M. Werner and Daniel Perez and Lewis Gudgeon and Ariah Klages-Mundt and Dominik Harz and William J. Knottenbelt},
      year={2021},
      eprint={2101.08778},
      archivePrefix={arXiv},
      primaryClass={cs.CR}
}

@article{Xu21sok,
  author    = {Jiahua Xu and
               Nazariy Vavryk and
               Krzysztof Paruch and
               Simon Cousaert},
  title     = {SoK: Decentralized Exchanges {(DEX)} with Automated Market Maker {(AMM)}
               protocols},
  publisher = {ACM},
  issn = {0360-0300},
  doi = {10.1145/3570639},
  journal = {ACM Comput. Surv.},
  month = {nov}, 
  year = {2022},
}

@article{Qin21CefiDefi,
  author    = {Kaihua Qin and
               Liyi Zhou and
               Yaroslav Afonin and
               Ludovico Lazzaretti and
               Arthur Gervais},
  title     = {{CeFi} vs. {DeFi} - Comparing Centralized to Decentralized Finance},
  journal   = {CoRR},
  volume    = {abs/2106.08157},
  year      = {2021},
  url       = {https://arxiv.org/abs/2106.08157},
  eprinttype = {arXiv},
  eprint    = {2106.08157},
}

@article{AMM21arxiv,
  author    = {{Massimo Bartoletti and
               James Hsin{-}yu Chiang and
               Alberto Lluch{-}Lafuente}},
  title     = {{A theory of Automated Market Makers in DeFi}},
  journal={arXiv preprint arXiv:2102.11350},
  year={2021},
  note={\url{https://arxiv.org/abs/2102.11350}}
}

@article{PB24arxiv,
  author    = {{Daniele Pusceddu and
               Massimo Bartoletti}},
  title     = {{Formalizing Automated Market Makers in the Lean 4 Theorem Prover}},
  journal   = {arXiv preprint arXiv:2402.06064},
  year      = {2024},
  note      = {\url{https://arxiv.org/abs/2402.06064}}
}

@inproceedings{SoKLP,
  author    = {Massimo Bartoletti and
               James Hsin{-}yu Chiang and
               Alberto Lluch{-}Lafuente},
  title     = {{SoK}: Lending Pools in Decentralized Finance},
  booktitle = {Financial Cryptography Workshops},
  series    = {LNCS},
  volume    = {12676},
  pages     = {553--578},
  publisher = {Springer},
  year      = {2021},
  doi       = {10.1007/978-3-662-63958-0_40},
}

@inproceedings{Danos21defi,
  author    = {Vincent Danos and
               Hamza El Khalloufi and
               Julien Prat},
  title     = {Global Order Routing on Exchange Networks},
  booktitle = {Financial Cryptography Workshops},
  series    = {LNCS},
  volume    = {12676},
  pages     = {207--226},
  publisher = {Springer},
  year      = {2021},
  doi       = {10.1007/978-3-662-63958-0_19},
}

@inproceedings{krishnamachari2021dynamic,
  author    = {Krishnamachari, Bhaskar and Feng, Qi and Grippo, Eugenio},
  title={Dynamic Curves for Decentralized Autonomous Cryptocurrency Exchanges}, 
  booktitle = {International Symposium on Foundations and Applications of Blockchain ({FAB})},
  series    = {OASIcs},
  volume    = {92},
  pages     = {5:1--5:14},
  publisher = {Schloss Dagstuhl - Leibniz-Zentrum f{\"{u}}r Informatik},
  year      = {2021},
  doi       = {10.4230/OASIcs.FAB.2021.5},
}

@article{Kulkarni22arxiv,
  author    = {Kshitij Kulkarni and
               Theo Diamandis and
               Tarun Chitra},
  title     = {{Towards a Theory of Maximal Extractable Value {I:} Constant Function Market Makers}},
  journal   = {CoRR},
  volume    = {abs/2207.11835},
  year      = {2022},
  doi       = {10.48550/arXiv.2207.11835},
  eprinttype = {arXiv},
  eprint    = {2207.11835},
}

@article{Qin21quantifying,
	author    = {Kaihua Qin and Liyi Zhou and Arthur Gervais},
	title     = {Quantifying Blockchain Extractable Value: How dark is the forest?},
	year      = {2021},
	eprint    = {2101.05511},
	archivePrefix = {arXiv},
	url       = {https://arxiv.org/abs/2101.05511}
}

@InProceedings{Eskandari19sok,
    author="Eskandari, Shayan
    and Moosavi, Seyedehmahsa
    and Clark, Jeremy",
    opteditor="Bracciali, Andrea
    and Clark, Jeremy
    and Pintore, Federico
    and R{\o}nne, Peter B.
    and Sala, Massimiliano",
    title={{SoK: Transparent Dishonesty: Front-Running Attacks on Blockchain}},
    booktitle="Financial Cryptography",
    year="2020",
    publisher="Springer International Publishing",
    address="Cham",
    pages="170--189",
    doi = {10.1007/978-3-030-43725-1_13}
}

@inproceedings{Daian19flash,
  author    = {P. {Daian} and S. {Goldfeder} and T. {Kell} and Y. {Li} and X. {Zhao} and I. {Bentov} and L. {Breidenbach} and A. {Juels}},
  booktitle ={{IEEE} Symposium on Security and Privacy}, 
  title={Flash Boys 2.0: Frontrunning in Decentralized Exchanges, Miner Extractable Value, and Consensus Instability}, 
  publisher = {{IEEE}},
  year      = {2020},
  doi       = {10.1109/SP40000.2020.00040},
  pages={910-927},
}

@inproceedings{Rius20isola,
  author    = {Alfonso D. D. M. Rius and Eamonn Gashier},
  editor    = {Tiziana Margaria and
               Bernhard Steffen},
  title     = {Smart Derivatives: On-Chain Forwards for Digital Assets},
  booktitle = {ISoLA},
  series    = {LNCS},
  volume    = {12478},
  pages     = {195--211},
  publisher = {Springer},
  year      = {2020},
  doi       = {10.1007/978-3-030-61467-6_13},
}

@article{Heimbach22sok,
  author    = {Lioba Heimbach and
               Roger Wattenhofer},
  title     = {{SoK}: Preventing Transaction Reordering Manipulations in Decentralized Finance},
  journal   = {CoRR},
  volume    = {abs/2203.11520},
  year      = {2022},
  doi       = {10.48550/arXiv.2203.11520},
  eprinttype = {arXiv},
  eprint    = {2203.11520},
}

@inproceedings{Zhou21high,
	author    = {Zhou, Liyi and Qin, Kaihua and Torres, Christof Ferreira and
	Le, Duc V and Gervais, Arthur},
	title     = {{High-Frequency Trading on Decentralized On-Chain Exchanges}},
	booktitle = {{IEEE} Symp. on Security and Privacy},
	publisher = {{IEEE}},
	year      = {2021},
	pages={428-445},
	doi={10.1109/SP40001.2021.00027}}

@inproceedings{Zhou21discovery,
	author    = {Liyi Zhou and
	Kaihua Qin and
	Antoine Cully and
	Benjamin Livshits and
	Arthur Gervais},
	title     = {On the Just-In-Time Discovery of Profit-Generating Transactions
	in {DeFi} Protocols},
	booktitle = {{IEEE} Symp. on Security and Privacy},
	publisher = {{IEEE}},
	pages     = {919-936},
	year      = {2021},
	doi       = {10.1109/SP40001.2021.00113}
}

@inproceedings{Qin21fc,
  author    = {Kaihua Qin and
               Liyi Zhou and
               Benjamin Livshits and
               Arthur Gervais},
  title     = {Attacking the {DeFi} Ecosystem with Flash Loans for Fun and Profit},
  booktitle = {Financial Cryptography},
  series    = {LNCS},
  volume    = {12674},
  pages     = {3--32},
  publisher = {Springer},
  year      = {2021},
  doi       = {10.1007/978-3-662-64322-8_1},
}

@inproceedings{Perez21fc,
  author    = {Daniel Perez and
               Sam M. Werner and
               Jiahua Xu and
               Benjamin Livshits},
  title     = {Liquidations: {DeFi} on a Knife-Edge},
  booktitle = {Financial Cryptography},
  series    = {LNCS},
  volume    = {12675},
  pages     = {457--476},
  publisher = {Springer},
  year      = {2021},
  doi       = {10.1007/978-3-662-64331-0_24},
}

@article{wang2020towards,
  author={Wang, Dabao and Wu, Siwei and Lin, Ziling and Wu, Lei and Yuan, Xingliang and Zhou, Yajin and Wang, Haoyu and Ren, Kui},
  title={Towards understanding flash loan and its applications in {DeFi} ecosystem},
  journal={arXiv preprint arXiv:2010.12252},
  year={2020},
  note={\url{https://arxiv.org/abs/2010.12252}}
}

@inproceedings{gudgeon2020decentralized,
  author    = {Lewis Gudgeon and
               Daniel P{\'{e}}rez and
               Dominik Harz and
               Benjamin Livshits and
               Arthur Gervais},
  title     = {The Decentralized Financial Crisis},
  booktitle = {Crypto Valley Conference on Blockchain Technology ({CVCBT})},
  pages     = {1--15},
  publisher = {{IEEE}},
  year      = {2020},
  doi       = {10.1109/CVCBT50464.2020.00005},
}

@inproceedings{gudgeon2020plf,
  title={DeFi protocols for loanable funds: Interest rates, liquidity and market efficiency},
  author={Gudgeon, Lewis and Werner, Sam and Perez, Daniel and Knottenbelt, William J},
  booktitle={{ACM} Conference on Advances in Financial Technologies},
  pages={92--112},
  year={2020},
  doi = {10.1145/3419614.3423254}
}

@article{kaoanalysis,
  title={{An Analysis of the Market Risk to Participants in the Compound Protocol}},
  author={Kao, Hsien-Tang and Chitra, Tarun and Chiang, Rei and Morrow, John},
  note={\url{https://scfab.github.io/2020/FAB2020_p5.pdf}}
}

@article{chitra2019competitive,
  title={Competitive equilibria between staking and on-chain lending},
  author={Chitra, Tarun},
  journal={arXiv preprint arXiv:2001.00919},
  year={2019},
  note={\url{https://arxiv.org/abs/2001.00919}}
}

@article{chitra2020stake,
  title={Why Stake When You Can Borrow?},
  author={Chitra, Tarun and Evans, Alex},
  journal={Available at SSRN 3629988},
  year={2020},
  note={\url{https://arxiv.org/abs/2006.11156}}
}

@article{liu2020first,
  title={{A First Look into DeFi Oracles}},
  author={Liu, Bowen and Szalachowski, Pawel},
  journal={arXiv preprint arXiv:2005.04377},
  year={2020},
  note={\url{https://arxiv.org/abs/2005.04377}}
}

@inproceedings{moin2019classification,
  author    = {Amani Moin and
               Kevin Sekniqi and
               Emin G{\"{u}}n Sirer},
  opteditor    = {Joseph Bonneau and Nadia Heninger},
  title     = {SoK: {A} Classification Framework for Stablecoin Designs},
  booktitle = {Financial Cryptography and Data Security},
  series    = {LNCS},
  volume    = {12059},
  pages     = {174--197},
  publisher = {Springer},
  year      = {2020},
  doi       = {10.1007/978-3-030-51280-4_11},
}

@inproceedings{klages2020stablecoins,
  title={Stablecoins 2.0: Economic Foundations and Risk-based Models},
  author={Klages-Mundt, Ariah and Harz, Dominik and Gudgeon, Lewis and Liu, Jun-You and Minca, Andreea},
  booktitle={Proceedings of the 2nd ACM Conference on Advances in Financial Technologies},
  pages={59--79},
  year={2020},
  doi = {10.1145/3419614.3423261}
}

@inproceedings{pernice2019monetary,
  title={Monetary stabilization in cryptocurrencies--design approaches and open questions},
  author={Pernice, Ingolf GA and Henningsen, Sebastian and Proskalovich, Roman and Florian, Martin and Elendner, Hermann and Scheuermann, Bj{\"o}rn},
  booktitle={2019 Crypto Valley Conference on Blockchain Technology (CVCBT)},
  pages={47--59},
  year={2019},
  organization={IEEE},
  doi = {10.1145/3243734.3243795},    
}

@article{gu2020empirical,
  title={Empirical measurements on pricing oracles and decentralized governance for stablecoins},
  author={Gu, Wanyun Catherine and Raghuvanshi, Anika and Boneh, Dan},
  journal={Available at SSRN 3611231},
  year={2020},
  note = {\url{http://dx.doi.org/10.2139/ssrn.3611231}}
}

@article{darlin2020optimal,
  title={{Optimal Bidding Strategy for Maker Auctions}},
  author={Darlin, Michael and Papadis, Nikolaos and Tassiulas, Leandros},
  journal={arXiv preprint arXiv:2009.07086},
  year={2020},
  note = {\url{https://arxiv.org/abs/2009.07086}}
}

@inproceedings{mita2019stablecoin,
  author={M. {Mita} and K. {Ito} and S. {Ohsawa} and H. {Tanaka}},
  booktitle={2019 8th International Congress on Advanced Applied Informatics (IIAI-AAI)}, 
  title={{What is Stablecoin?: A Survey on Price Stabilization Mechanisms for Decentralized Payment Systems}}, 
  year={2019},
  volume={},
  number={},
  pages={60-66},
  doi={10.1109/IIAI-AAI.2019.00023}
}

@article{wang2020automated,
  title={Automated Market Makers for Decentralized Finance (DeFi)},
  author={Wang, Yongge},
  journal={arXiv preprint arXiv:2009.01676},
  year={2020},
  note={\url{https://arxiv.org/abs/2009.01676}}
}


@article{Angeris21analysis,
  author = {Angeris, Guillermo and Kao, Hsien-Tang and Chiang, Rei and Noyes, Charlie and Chitra, Tarun},
  title = {An Analysis of {Uniswap} markets},
  journal = {Cryptoeconomic Systems},
  doi = {10.21428/58320208.c9738e64},
  number = {1},
  optpublisher = {},
  volume = {1},
  year = {2021},
}

@inproceedings{Angeris20aft,
  author    = {Guillermo Angeris and
               Tarun Chitra},
  title     = {Improved Price Oracles: Constant Function Market Makers},
  booktitle = {{ACM} Conference on Advances in Financial Technologies ({AFT})},
  pages     = {80--91},
  publisher = {{ACM}},
  year      = {2020},
  doi       = {10.1145/3419614.3423251},
  note      = {\url{https://arxiv.org/abs/2003.10001}}
}

@article{angeris2020does,
  title={When does the tail wag the dog? {Curvature} and market making},
  author={Angeris, Guillermo and Evans, Alex and Chitra, Tarun},
  journal={arXiv preprint arXiv:2012.08040},
  year={2020},
  url={https://arxiv.org/abs/2012.08040}
}

@article{Chitra22fc,
  author    = {Tarun Chitra and
               Guillermo Angeris and
               Alex Evans},
  title     = {Differential Privacy in Constant Function Market Makers},
  booktitle = {Financial Cryptography},
  series    = {LNCS},
  publisher = {Springer},
  volume    = {13411},
  pages     = {149--178}, 
  year      = {2022},
  doi       = {10.1007/978-3-031-18283-9_8},
}

@inproceedings{Evans21fc,
  author    = {Alex Evans and
               Guillermo Angeris and
               Tarun Chitra},
  title     = {Optimal Fees for Geometric Mean Market Makers},
  booktitle = {Financial Cryptography Workshops},
  series    = {LNCS},
  volume    = {12676},
  pages     = {65--79},
  publisher = {Springer},
  year      = {2021},
  doi       = {10.1007/978-3-662-63958-0_6},
}

@article{evans2020liquidity,
  title={Liquidity provider returns in geometric mean markets},
  author={Evans, Alex},
  journal={arXiv preprint arXiv:2006.08806},
  year={2020},
  url = {https://arxiv.org/abs/2006.08806}
}

% https://github.com/runtimeverification/verified-smart-contracts/blob/uniswap/uniswap/x-y-k.pdf
@misc{rvammspec,
	title		= {Formal Specification of Constant Product Market Maker Model \& Implementation},
	note		= {\url{https://github.com/runtimeverification/verified-smart-contracts/blob/uniswap/uniswap/x-y-k.pdf}},
	year		= {2018}
}

@misc{compimpl,
	title		= {Compound implementation},
	note		= {\url{https://github.com/compound-finance/compound-protocol/tree/a5591d5f9a7f6f7ad3601ec89b126a8c2af159f6}},
	year		= {2020}
}

@misc{compintr,
	title		= {Compound simplified interest},
	note		= {\url{https://github.com/compound-finance/compound-protocol/blob/a5591d5f9a7f6f7ad3601ec89b126a8c2af159f6/contracts/CToken.sol#L423}},
	year		= {2020}
}

@misc{compmaxliq,
	title		= {Compound maximum liquidation amount},
	note		= {\url{https://github.com/compound-finance/compound-protocol/blob/a5591d5f9a7f6f7ad3601ec89b126a8c2af159f6/contracts/ComptrollerG5.sol#L510}},
	year		= {2020}
}

@misc{compctokpr,
	title		= {Compound valuation of cTokens},
	note		= {\url{https://github.com/compound-finance/compound-protocol/blob/a5591d5f9a7f6f7ad3601ec89b126a8c2af159f6/contracts/ComptrollerG5.sol#L753}},
	year		= {2020}
}

@misc{compswapcontroller,
	title		= {Compound comptroller setter},
	note		= {\url{https://github.com/compound-finance/compound-protocol/blob/a5591d5f9a7f6f7ad3601ec89b126a8c2af159f6/contracts/CToken.sol#L1152}},
	year		= {2020}
}

@misc{aaveintr,
	title		= {Aave v1 simplified interest},
	note		= {\url{https://github.com/aave/aave-protocol/blob/efaeed363da70c64b5272bd4b8f468063ca5c361/contracts/libraries/CoreLibrary.sol#L423}},
	year		= {2020}
}

@misc{aavemaxliq,
	title		= {Aave maximum liquidation amount},
	note		= {\url{https://github.com/aave/aave-protocol/blob/efaeed363da70c64b5272bd4b8f468063ca5c361/contracts/lendingpool/LendingPoolLiquidationManager.sol#L181}},
	year		= {2020}
}

@misc{aaveatokpr,
	title		= {Aave valuation of aTokens},
	note		= {\url{https://github.com/aave/aave-protocol/blob/efaeed363da70c64b5272bd4b8f468063ca5c361/contracts/lendingpool/LendingPoolDataProvider.sol#L114}},
	year		= {2020}
}

@misc{aaveflashloan,
	title		= {Aave v1 flashloan receiver interface},
	note		= {\url{https://github.com/aave/aave-protocol/blob/efaeed363da70c64b5272bd4b8f468063ca5c361/contracts/flashloan/interfaces/IFlashLoanReceiver.sol#L11}},
	year		= {2020}
}

@misc{aaveimpl,
	title		= {Aave v1 implementation},
	note		= {\url{https://github.com/aave/aave-protocol/tree/efaeed363da70c64b5272bd4b8f468063ca5c361}},
	year		= {2020}
}

@misc{comp,
	title		= {Compound website},
	note		= {\url{https://www.compound.finance}},
	year		= {2020}
}

@misc{compstats,
	title		= {Compound markets website},
	note		= {\url{https://compound.finance/markets}},
	year		= {2020}
}

@misc{aave,
	title		= {Aave website},
	note		= {\url{https://www.aave.com}},
	year		= {2020}
}

@misc{aavestats,
	title		= {Aave markets website},
	note		= {\url{https://app.aave.com/markets}},
	year		= {2020}
}

@misc{mev-geth,
        title           = {{MEV}-geth},
	note            = {\url{https://github.com/flashbots/mev-geth}},
	year            = {2022}
}

@misc{mottaghi2025tvl,
  author       = {Fatemeh (Nazanin) Mottaghi and Bertram I. Steininger},
  title        = {Total Value Locked Volatility in DeFi: Empirical Evidence from Market Crashes},
  howpublished = {\url{https://ssrn.com/abstract=5161601}},
  year         = {2025},
  note         = {Accessed: May 12, 2025}
}

@misc{mStable,
	title		= {{mStable} — Introducing Constant Sum Bonding Curves for Tokenised Assets},
	note		= {\url{https://medium.com/mstable/introducing-constant-sum-bonding-curves-for-tokenised-assets-6e18879cdc5b}},
	year		= {2020}
}

@misc{uniswap,
	title		= {{Uniswap} website},
	note		= {\url{https://www.uniswap.org}},
	year		= {2020}
}

@misc{uniswapv2,
  author       = {Hayden Adams and Noah Zinsmeister and Dan Robinson},
  title        = {Uniswap v2 Core},
  howpublished = {\url{https://app.uniswap.org/whitepaper.pdf}},
  month        = {March},
  year         = {2020},
  note         = {Accessed: May 12, 2025}
}

@misc{uniswapv3,
  author       = {Hayden Adams and Noah Zinsmeister and Moody Salem and River Keefer and Dan Robinson},
  title        = {Uniswap v3 Core},
  howpublished = {\url{https://app.uniswap.org/whitepaper-v3.pdf}},
  month        = {March},
  year         = {2021},
  note         = {Accessed: May 12, 2025}
}

@misc{uniswapimpl,
	title		= {{Uniswap} token pair implementation},
	note		= {\url{https://github.com/Uniswap/uniswap-v2-core/blob/4dd59067c76dea4a0e8e4bfdda41877a6b16dedc/contracts/UniswapV2Pair.sol}},
	year		= {2021}
}

@misc{uniswapstats,
	title		= {{Uniswap} statistics},
	note		= {\url{https://info.uniswap.org}},
	year		= {2022}
}

@misc{uniswaporacle,
	title		= {{Uniswap} oracle template},
	note		= {\url{https://github.com/Uniswap/uniswap-v2-periphery/blob/dda62473e2da448bc9cb8f4514dadda4aeede5f4/contracts/examples/ExampleOracleSimple.sol}},
	year		= {2020}
}

@misc{uniswapflash,
	title		= {{Uniswap} flash loan implementation},
	note		= {\url{https://github.com/Uniswap/uniswap-v2-core/blob/4dd59067c76dea4a0e8e4bfdda41877a6b16dedc/contracts/UniswapV2Pair.sol#L172}},
	year		= {2020}
}

@misc{impermanentloss,
	title		= {{Uniswap Documentation: Understanding Returns}},
	note		= {\url{https://uniswap.org/docs/v2/advanced-topics/understanding-returns/}},
	year		= {2020}
}

@misc{balancerpaper,
	title		= {Balancer whitepaper},
	note		= {\url{https://balancer.finance/whitepaper/
}},
	year		= {2019}
}

@misc{curve,
	title		= {Curve website},
	url		    = {https://www.curve.fi},
	year		= {2020}
}

@misc{curvestats,
	title		= {Curve statistics},
	note		= {\url{https://www.curve.fi/dailystats}},
	year		= {2022}
}

@misc{curvepaper,
	title		= {StableSwap - efficient mechanism for Stablecoin},
	author      = {Michael Egorov},
	note		= {\url{https://curve.fi/files/stableswap-paper.pdf}},
	year		= {2019}
}

@misc{curveimpl,
	title		= {{Curve} token pair implementation},
	note		= {\url{https://github.com/curvefi/curve-contract/blob/a1b5a797790d3f5ef12b0e358892a0ce47c12f85/contracts/pool-templates/base/SwapTemplateBase.vy}},
	year		= {2021}
}

@misc{curvegetd,
	title		= {{Curve} computation of invariant constant},
	note		= {\url{https://github.com/curvefi/curve-contract/blob/a1b5a797790d3f5ef12b0e358892a0ce47c12f85/contracts/pool-templates/base/SwapTemplateBase.vy#L206}},
	year		= {2021}
}

@misc{curvegety,
	title		= {{Curve} computation of swap amount},
	note		= {\url{https://github.com/curvefi/curve-contract/blob/a1b5a797790d3f5ef12b0e358892a0ce47c12f85/contracts/pool-templates/base/SwapTemplateBase.vy#L377}},
	year		= {2021}
}

@misc{mooniswapimpl,
	title		= {Mooniswap implementation},
	note		= {\url{https://github.com/1inch-exchange/mooniswap/blob/02dccfab2ddbb8a409400288cb13441763370350/contracts/Mooniswap.sol}},
	year		= {2020}
}

@misc{moonipaper,
	title		= {Mooniswap whitepaper},
	note		= {\url{https://mooniswap.exchange/docs/MooniswapWhitePaper-v1.0.pdf}},
	year		= {2020}
}

@misc{virtualAMMbalances,
	title		= {Improving frontrunning resistance of x*y=k market makers},
	note		= {\url{https://ethresear.ch/t/improving-front-running-resistance-of-x-y-k-market-makers/1281}},
	year		= {2018}
}

@misc{defipulse,
	title		= {Defi pulse website},
	note		= {\url{https://defipulse.com}},
	year		= {2020}
}

@misc{makerdao,
	title		= {MakerDAO website},
	note		= {\url{https://https://makerdao.com}},
	year		= {2020}
}

@misc{fulcrum,
	title		= {bZx Fulcrum website},
	note		= {\url{https://fulcrum.trade}},
	year		= {2020}
}

@misc{dydx,
	title		= {dYdX website},
	note		= {\url{https://dydx.exchange}},
	year		= {2020}
}


@misc{valuedefi,
	title		= {{Coindesk: Value DeFi attack}},
	note		= {\url{https://www.coindesk.com/value-defi-suffers-6m-flash-loan-attack
}},
	year		= {2020}
}

@misc{harvestfin,
	title		= {{Harvest Finance flashloan attack post-mortem}},
	note		= {\url{https://medium.com/harvest-finance/harvest-flashloan-economic-attack-post-mortem-3cf900d65217}},
	year		= {2020}
}

@misc{origindefi,
	title		= {{Origin Dollar attack}},
	note		= {\url{https://cryptonews.com/news/4th-major-defi-hack-in-a-month-origin-dollar-loses-usd-7m-8331.htm}},
	year		= {2020}
}

@misc{akryopolisdefi,
	title		= {{Akropolis Defi attack}},
	note		= {\url{https://cryptonews.com/news/defi-akropolis-drops-20-following-a-usd-2m-heavy-hack-8299.htm}},
	year		= {2020}
}

@misc{compoundoracleattack,
	title		= {{Compound oracle attack}},
	note		= {\url{https://news.bitcoin.com/100-million-liquidated-on-defi-protocol-compound-following-oracle-exploit}},
	year		= {2020}
}

@misc{sushiswapimpl,
	title		= {{SushiSwap} token pair implementation},
	note		= {\url{https://github.com/sushiswap/sushiswap/blob/94ea7712daaa13155dfab9786aacf69e24390147/contracts/uniswapv2/UniswapV2Pair.sol}},
	year		= {2021}
}

@misc{tinyman,
  title     = {{Tinyman}: Official Announcement About the Incidents of 01.01.2022},
  note      = {\url{https://tinymanorg.medium.com/official-announcement-about-the-incidents-of-01-01-2022-56abb19d8b19}},
  year      = {2022}
}

@misc{defihacks,
  title     = {Documented Timeline of Exchange Hacks},
  note      = {\url{https://cryptosec.info/exchange-hacks/}},
  year      = {2022}
}

%%%%%%%%%%%%%%%%%%%%%%%%%%%%%%%%%%%%%%%%%%%%%%%%%%%%%%%%%%%%%%%%%%%%%%
%%% Scientific papers on Bitcoin
%%%%%%%%%%%%%%%%%%%%%%%%%%%%%%%%%%%%%%%%%%%%%%%%%%%%%%%%%%%%%%%%%%%%%%

@misc{cashscript-covenants,
  author    = {Rosco Kalis},
  title     = {CashScript --- Writing covenants},
  url       = {https://cashscript.org/docs/guides/covenants/},
  year      = {2019}
}

@inproceedings{BLZ20isola,
  author    = {Massimo Bartoletti and
               Stefano Lande and
               Roberto Zunino},
  title     = {Bitcoin Covenants Unchained},
  booktitle = {{ISoLA}},
  pages     = {432--449},
  year      = {2020},
  doi       = {10.1007/978-3-030-03427-6_32},
}

@inproceedings{BZ18bitml,
    author = {Massimo Bartoletti and Roberto Zunino},
    title = {{BitML}: a calculus for {Bitcoin} smart contracts},
    booktitle = {{ACM} {CCS}},
    year = {2018},
    doi = {10.1145/3243734.3243795},    
    optnote = {\url{https://eprint.iacr.org/2018/122}},
}

@inproceedings{BCZ18isola,
  author    = {Massimo Bartoletti and
               Tiziana Cimoli and
               Roberto Zunino},
  title     = {Fun with {Bitcoin} Smart Contracts},
  booktitle = {{ISoLA}},
  pages     = {432--449},
  year      = {2018},
  doi       = {10.1007/978-3-030-03427-6_32},
}

@inproceedings{BZ19post,
    author  = {Massimo Bartoletti and Roberto Zunino},
    title   = {Verifying liquidity of {Bitcoin} contracts},
    booktitle = {{POST}},
    year    = {2019},
    volume  = {11426},
    series  = {LNCS},
    pages   = {222-247},
    publisher = {Springer},    
}

@inproceedings{bitcoinsok,
  author    = {Nicola Atzei and Massimo Bartoletti and Tiziana Cimoli and
               Stefano Lande and Roberto Zunino},
  title     = {{SoK}: unraveling {Bitcoin} smart contracts},
  optbooktitle = {Principles of Security and Trust ({POST})},
  booktitle = {{POST}},
  pages     = {217--242},
  volume    = {10804},
  series    = {LNCS},
  publisher = {Springer},
  year      = {2018},
  doi       = {10.1007/978-3-319-89722-6},
}

@inproceedings{bitcointxm,
  author    = {Nicola Atzei and Massimo Bartoletti and Stefano Lande and
               Roberto Zunino},
  title     = {A formal model of {Bitcoin} transactions},
  booktitle = {{Financial} Cryptography and Data Security},
  volume    = {10957},
  series    = {LNCS},
  publisher = {Springer},
  doi       = {10.1007/978-3-662-58387-6},
  year      = {2018}
}

@inproceedings{bitmlracket,
  author    = {Nicola Atzei and Massimo Bartoletti and Stefano Lande and
               Nobuko Yoshida and Roberto Zunino},
  title     = {Developing secure {Bitcoin} contracts with {BitML}},
  booktitle = {{ESEC/FSE}},
  year      = {2019},
  doi       = {https://doi.org/10.1145/3338906.3341173}
}

@article{BartolettiCCS20,
	author    = {Massimo Bartoletti and
	Salvatore Carta and
	Tiziana Cimoli and
	Roberto Saia},
	title     = {Dissecting {Ponzi} schemes on Ethereum: Identification, analysis, and
	impact},
	journal   = {Future Gener. Comput. Syst.},
	volume    = {102},
	pages     = {259--277},
	year      = {2020},
	url       = {https://doi.org/10.1016/j.future.2019.08.014},
	doi       = {10.1016/j.future.2019.08.014},
	timestamp = {Wed, 19 Feb 2020 14:15:54 +0100}
}

@article{Brunjes20arxiv,
  author    = {Lars Br{\"{u}}njes and
               Murdoch James Gabbay},
  title     = {{UTxO}- vs account-based smart contract blockchain programming paradigms},
  journal   = {CoRR},
  volume    = {abs/2003.14271},
  year      = {2020},
  archivePrefix = {arXiv},
  eprint    = {2003.14271},
}

@misc{ivy,
  title     = {IVY},
  howpublished = {\url{https://docs.ivy-lang.org/bitcoin/}},
  year      = {2017}
}

@misc{balzac,
  title     = {BALZaC: {Bitcoin} Abstract Language, analyZer and Compiler},
  howpublished = {\url{https://blockchain.unica.it/balzac/}},
  year      = {2018}
}

@inproceedings{Chepurnoy19cbt,
  author    = {Alexander Chepurnoy and
               Amitabh Saxena},
  opteditor    = {Cristina P{\'{e}}rez{-}Sol{\`{a}} and
               Guillermo Navarro{-}Arribas and
               Alex Biryukov and
               Joaqu{\'{\i}}n Garc{\'{\i}}a{-}Alfaro},
  title     = {Multi-stage Contracts in the {UTXO} Model},
  booktitle = {Cryptocurrencies and Blockchain Technology},
  series    = {LNCS},
  volume    = {11737},
  pages     = {244--254},
  publisher = {Springer},
  year      = {2019},
  doi       = {10.1007/978-3-030-31500-9_16},
}

@article{Gudgeon19iacr,
  author    = {Lewis Gudgeon and
               Pedro Moreno{-}Sanchez and
               Stefanie Roos and
               Patrick McCorry and
               Arthur Gervais},
  title     = {SoK: Off The Chain Transactions},
  journal   = {{IACR} Cryptology ePrint Archive},
  volume    = {2019},
  pages     = {360},
  year      = {2019},
}

@article{Das19arxiv,
  author    = {Ankush Das and
               Stephanie Balzer and
               Jan Hoffmann and
               Frank Pfenning},
  title     = {Resource-Aware Session Types for Digital Contracts},
  journal   = {CoRR},
  volume    = {abs/1902.06056},
  year      = {2019},
  archivePrefix = {arXiv},
}

@inproceedings{Andrychowicz14formats,
  title     = {Modeling {Bitcoin} contracts by timed automata},
  author    = {Marcin Andrychowicz and Stefan Dziembowski and Daniel Malinowski and {\L}ukasz Mazurek},
  booktitle = {International Conference on Formal Modeling and Analysis of Timed Systems ({FORMATS})},
  pages     = {7--22},
  series    = {LNCS},
  volume    = {8711},
  publisher = {Springer},
  doi       = {10.1007/978-3-319-10512-3_2},
  year      = {2014},
}

@inproceedings{Chakravarty20wtsc,
  title     = {The Extended {UTXO} Model},
  author    = {Manuel M.T. Chakravarty and James Chapman and Kenneth MacKenzie
               and Orestis Melkonian and Michael Peyton Jones and Philip Wadler},
  booktitle = {Workshop on Trusted Smart Contracts},
  year      = {2020}
}

@article{delgado2017fair,
  title={A fair protocol for data trading based on Bitcoin transactions},
  author={Delgado-Segura, Sergi and P{\'e}rez-Sol{\`a}, Cristina and Navarro-Arribas, Guillermo and Herrera-Joancomart{\'\i}, Jordi},
  journal={Future Generation Computer Systems},
  year={2017},
  publisher={Elsevier},
  doi = {10.1016/j.future.2017.08.021}
}

@inproceedings{BZ17bw,
  author    = {Massimo Bartoletti and
               Roberto Zunino},
  title     = {Constant-deposit multiparty lotteries on {Bitcoin}},
  booktitle = {Financial Cryptography Workshops},
  volume    = {10323},
  series    = {LNCS},
  publisher = {Springer},
  doi       = {10.1007/978-3-319-70278-0},  
  year      = {2017}
}

@inproceedings{BP17wtsc,
  author    = {Massimo Bartoletti and
               Livio Pompianu},
  title     = {An empirical analysis of smart contracts: platforms, applications,
               and design patterns},
  booktitle = {Financial Cryptography Workshops},
  optbooktitle = {Workshop on Trusted Smart Contracts},
  series    = {LNCS},
  volume    = {10323},
  pages     = {494--509},  
  publisher = {Springer},
  year      = {2017}
}

@article{Bartoletti19grid,
  author    = {Massimo Bartoletti and
               Bryn Bellomy and
               Livio Pompianu},
  title     = {A Journey into {Bitcoin} Metadata},
  journal   = {J. Grid Comput.},
  volume    = {17},
  number    = {1},
  pages     = {3--22},
  year      = {2019},
  doi       = {10.1007/s10723-019-09473-3},
}

@inproceedings{Oconnor17bw,
  title     = {Enhancing {Bitcoin} transactions with covenants},
  author    = {O’Connor, Russell and Piekarska, Marta},
  booktitle = {Financial Cryptography Workshops},
  year      = {2017},
  series    = {LNCS},
  volume    = {10323},
  publisher = {Springer},
  doi       = {10.1007/978-3-319-70278-0_12},  
}

@inproceedings{Oconnor17plas,
  author    = {Russell O'Connor},
  title     = {Simplicity: {A} New Language for Blockchains},
  booktitle = {{PLAS}},
  optvolume    = {abs/1711.03028},
  year      = {2017},
  url       = {http://arxiv.org/abs/1711.03028},
  optarchivePrefix = {arXiv},
  opteprint    = {1711.03028},
}

@inproceedings{Moser16bw,
  author    = {Malte M{\"o}ser and Ittay Eyal and Sirer, Emin G{\"u}n},
  title     = {{Bitcoin} covenants},
  booktitle = {Financial Cryptography Workshops},
  pages     = {126--141},
  year      = {2016},
  series    = {LNCS},
  volume    = {9604},
  publisher = {Springer},
  doi       = {10.1007/978-3-662-53357-4_9},
}

@inproceedings{Andrychowicz14bw,
  author    = {Marcin Andrychowicz and
               Stefan Dziembowski and
               Daniel Malinowski and
               Lukasz Mazurek},
  title     = {Fair Two-Party Computations via {Bitcoin} Deposits},
  optbooktitle = {{Bitcoin} workshop},
  booktitle = {Financial Cryptography Workshops},
  pages     = {105--121},
  year      = {2014},
  series    = {LNCS},
  volume    = {8438},
  publisher = {Springer},  
  doi       = {10.1007/978-3-662-44774-1_8},
}

@inproceedings{Andrychowicz14sp,
  author    = {Marcin Andrychowicz and
               Stefan Dziembowski and
               Daniel Malinowski and
               Lukasz Mazurek},
  title     = {Secure Multiparty Computations on {Bitcoin}},
  optbooktitle = {{IEEE} Symp. on Security and Privacy},
  booktitle = {{IEEE} \mbox{S \& P}},
  pages     = {443--458},
  year      = {2014},
  doi       = {10.1109/SP.2014.35},
  note      = {First appeared on Cryptology {ePrint} {Archive}, \url{http://eprint.iacr.org/2013/784}}
}

@inproceedings{Andrychowicz15fc,
  author    = {Marcin Andrychowicz and
               Stefan Dziembowski and
               Daniel Malinowski and
               Lukasz Mazurek},
  title     = {On the Malleability of {Bitcoin} Transactions},
  booktitle = {Financial Cryptography Workshops},
  optbooktitle = {{FC}},
  pages     = {1--18},
  year      = {2015},
  series    = {LNCS},
  volume    = {8976},
  publisher = {Springer},
  doi       = {10.1007/978-3-662-48051-9_1},
}

@article{Andrychowicz16cacm,
  author    = {Marcin Andrychowicz and
               Stefan Dziembowski and
               Daniel Malinowski and
               Lukasz Mazurek},
  title     = {Secure multiparty computations on {Bitcoin}},
  journal   = {Commun. {ACM}},
  volume    = {59},
  number    = {4},
  pages     = {76--84},
  year      = {2016},
  opturl       = {http://doi.acm.org/10.1145/2896386},
  doi       = {10.1145/2896386},
}

@inproceedings{Apostolaki17sp,
  author    = {Maria Apostolaki and
               Aviv Zohar and
               Laurent Vanbever},
  title     = {Hijacking {Bitcoin}: Routing Attacks on Cryptocurrencies},
  booktitle = {{IEEE} Symp. on Security and Privacy},
  pages     = {375--392},
  year      = {2017},
  doi       = {10.1109/SP.2017.29},
  
}
@misc{Back13coin,
  author    = {Adam Back and Iddo Bentov},
  title     = {Note on fair coin toss via {Bitcoin}},
  year      = {2013},
  howpublished = {\url{http://www.cs.technion.ac.il/~idddo/cointossBitcoin.pdf}}
}

@inproceedings{Banasik16esorics,
  author    = {Waclaw Banasik and
               Stefan Dziembowski and
               Daniel Malinowski},
  title     = {Efficient Zero-Knowledge Contingent Payments
               in Cryptocurrencies Without Scripts},
  booktitle = {{ESORICS}},
  pages     = {261--280},
  year      = {2016},
  series    = {LNCS},
  volume    = {9879},
  publisher = {Springer},  
  doi       = {10.1007/978-3-319-45741-3_14},
}

@inproceedings{Badertscher17crypto,
  author    = {Christian Badertscher and
               Ueli Maurer and
               Daniel Tschudi and
               Vassilis Zikas},
  title     = {Bitcoin as a Transaction Ledger: {A} Composable Treatment},
  booktitle = {{CRYPTO}},
  pages     = {324--356},
  year      = {2017},
  doi       = {10.1007/978-3-319-63688-7_11},
}

@inproceedings{Bentov14crypto,
  author    = {Iddo Bentov and Ranjit Kumaresan},
  title     = {How to Use {Bitcoin} to Design Fair Protocols},
  booktitle = {{CRYPTO}},
  pages     = {421--439},
  year      = {2014},
  series    = {LNCS},
  volume    = {8617},
  publisher = {Springer},    
  doi       = {10.1007/978-3-662-44381-1_24},
}

@inproceedings{Bigi15plabs,
  author    = {Giancarlo Bigi and
               Andrea Bracciali and
               Giovanni Meacci and
               Emilio Tuosto},
  title     = {Validation of Decentralised Smart Contracts Through Game Theory
               and Formal Methods},
  optbooktitle = {{PLABS}},
  booktitle = {Programming Languages with Applications to Biology and Security},
  pages     = {142--161},
  year      = {2015},
  doi       = {10.1007/978-3-319-25527-9_11},
}

@inproceedings{Crary15pldi,
  author    = {Karl Crary and
               Michael J. Sullivan},
  title     = {Peer-to-peer affine commitment using {Bitcoin}},
  booktitle = {{ACM} Conf. on Programming Language Design and Implementation},
  pages     = {479--488},
  year      = {2015},
  doi       = {10.1145/2737924.2737997},
}

@inproceedings{Garay15eurocrypt,
  author    = {Juan A. Garay and
               Aggelos Kiayias and
               Nikos Leonardos},
  title     = {The {Bitcoin} Backbone Protocol: Analysis and Applications},
  booktitle = {{EUROCRYPT}},
  pages     = {281--310},
  year      = {2015},
  series    = {LNCS},
  volume    = {9057},
  publisher = {Springer},    
  doi       = {10.1007/978-3-662-46803-6_10},
}

@InProceedings{Eyal14fc,
  author    = {Eyal, Ittay and Sirer, Emin G{\"u}n},
  title     = {Majority Is Not Enough: {Bitcoin} Mining Is Vulnerable},
  booktitle = {Financial Cryptography},
  pages     = {436-454},
  series    = {LNCS},
  volume    = {8437},
  publisher = {Springer},  
  year      = {2014},
  doi       = {10.1007/978-3-662-45472-5_28},
}

@inproceedings{Kiayias16eurocrypt,
  author    = {Aggelos Kiayias and
               Hong{-}Sheng Zhou and
               Vassilis Zikas},
  title     = {Fair and Robust Multi-party Computation Using a Global Transaction Ledger},
  booktitle = {{EUROCRYPT}},
  pages     = {705--734},
  year      = {2016},
  series    = {LNCS},
  volume    = {9666},
  publisher = {Springer},  
  doi       = {10.1007/978-3-662-49896-5_25},
}

@inproceedings{Kumaresan14ccs,
  author    = {Ranjit Kumaresan and
               Iddo Bentov},
  title     = {How to Use {Bitcoin} to Incentivize Correct Computations},
  booktitle = {{ACM} {CCS}},
  pages     = {30--41},
  year      = {2014},
  doi       = {10.1145/2660267.2660380},
}

@inproceedings{Kumaresan15ccs,
  author    = {Ranjit Kumaresan and
               Tal Moran and
               Iddo Bentov},
  title     = {How to Use {Bitcoin} to Play Decentralized Poker},
  booktitle = {{ACM} {CCS}},
  pages     = {195--206},
  year      = {2015},
  doi       = {10.1145/2810103.2813712},
}

@inproceedings{KumaresanVV16ccs,
  author    = {Ranjit Kumaresan and
               Vinod Vaikuntanathan and
               Prashant Nalini Vasudevan},
  title     = {Improvements to Secure Computation with Penalties},
  booktitle = {{ACM} {CCS}},
  pages     = {406--417},
  year      = {2016},
  doi       = {10.1145/2976749.2978421},
}

@inproceedings{KumaresanB16ccs,
  author    = {Ranjit Kumaresan and
               Iddo Bentov},
  title     = {Amortizing Secure Computation with Penalties},
  booktitle = {{ACM} {CCS}},
  pages     = {418--429},
  year      = {2016},
  doi       = {10.1145/2976749.2978424},
}

@inproceedings{Miller16zerocollateral,
  author    = {Andrew Miller and
               Iddo Bentov},
  title     = {Zero-Collateral Lotteries in {Bitcoin} and {Ethereum}},
  booktitle = {EuroS{\&}P Workshops},
  pages     = {4--13},
  year      = {2017},
  doi       = {10.1109/EuroSPW.2017.44},
}

@inproceedings{Decker15sss,
  author    = {Christian Decker and Roger Wattenhofer},
  title     = {A Fast and Scalable Payment Network with Bitcoin Duplex Micropayment Channels},
  booktitle = {Stabilization, Safety, and Security of Distributed Systems ({SSS})},
  pages     = {3--18},
  year      = {2015},
  doi       = {10.1007/978-3-319-21741-3_1},
  series    = {LNCS},
  volume    = {9212},
  publisher = {Springer},
}

@misc{Poon15lighting,
  author = {Joseph Poon and Thaddeus Dryja},
  title = {The {Bitcoin} {Lightning} {Network}: Scalable Off-Chain Instant Payments},
  url = {https://lightning.network/lightning-network-paper.pdf},
  year = {2015}
}

@article{Miller17sprites,
  author    = {Andrew Miller and
               Iddo Bentov and
               Ranjit Kumaresan and
               Patrick McCorry},
  title     = {Sprites: Payment Channels that Go Faster than Lightning},
  journal   = {CoRR},
  volume    = {abs/1702.05812},
  year      = {2017},
  url       = {http://arxiv.org/abs/1702.05812},
  archivePrefix = {arXiv},
  eprint    = {1702.05812},
}

@misc{bitcoin,
  title  = {{Bitcoin}: a peer-to-peer electronic cash system},
  author = {Satoshi Nakamoto},
  year   = {2008},
  howpublished = {\url{https://bitcoin.org/bitcoin.pdf}}
}

@inproceedings{Bonneau15ieeesp,
  author    = {Joseph Bonneau and
               Andrew Miller and
               Jeremy Clark and
               Arvind Narayanan and
               Joshua A. Kroll and
               Edward W. Felten},
  title     = {{SoK}: Research Perspectives and Challenges 
               for {Bitcoin} and Cryptocurrencies},
  optbooktitle = {{IEEE} Symp. on Security and Privacy},
  booktitle = {{IEEE} \mbox{S \& P}},
  pages     = {104--121},
  year      = {2015},
  doi       = {10.1109/SP.2015.14},
}

@inproceedings{pows,
 author = {Dwork, Cynthia and Naor, Moni},
 title = {Pricing via Processing or Combatting Junk Mail},
 optbooktitle = {Proc. International Cryptology Conference on Advances in Cryptology},
 booktitle = {{CRYPTO}},
 year = {1993},
 isbn = {3-540-57340-2},
 pages = {139--147},
 numpages = {9},
 url = {http://dl.acm.org/citation.cfm?id=646757.705669},
 acmid = {705669},
 publisher = {Springer-Verlag},
} 

@inproceedings{redballoons,
  author    = {Moshe Babaioff and
               Shahar Dobzinski and
               Sigal Oren and
               Aviv Zohar},
  title     = {On {Bitcoin} and red balloons},
  booktitle = {{ACM} Conference on Electronic Commerce, {EC}},
  pages     = {56--73},
  year      = {2012},
  doi       = {10.1145/2229012.2229022},
}

@article{twobitcoins,
  author    = {Ghassan Karame and
               Elli Androulaki and
               Srdjan Capkun},
  title     = {Two {Bitcoins} at the Price of One? Double-Spending Attacks on Fast
               Payments in {Bitcoin}},
  journal   = {{IACR} Cryptology ePrint Archive},
  volume    = {2012},
  pages     = {248},
  year      = {2012},
}

@article{Karame15tissec,
  author    = {Ghassan O. Karame and
               Elli Androulaki and
               Marc Roeschlin and
               Arthur Gervais and
               Srdjan Capkun},
  title     = {Misbehavior in {Bitcoin}: {A} Study of Double-Spending and Accountability},
  journal   = {{ACM} Trans. Inf. Syst. Secur.},
  volume    = {18},
  number    = {1},
  pages     = {2},
  year      = {2015},
  url       = {http://doi.acm.org/10.1145/2732196},
  doi       = {10.1145/2732196},
}

@article{Rosenfeld14,
  author    = {Meni Rosenfeld},
  title     = {Analysis of Hashrate-Based Double Spending},
  journal   = {CoRR},
  volume    = {abs/1402.2009},
  year      = {2014},
  url       = {http://arxiv.org/abs/1402.2009},
  timestamp = {Wed, 05 Mar 2014 14:43:44 +0100},
  biburl    = {http://dblp.uni-trier.de/rec/bib/journals/corr/Rosenfeld14},
  bibsource = {dblp computer science bibliography, http://dblp.org}
}

@inproceedings{Ruffing15ccs,
  author    = {Tim Ruffing and
               Aniket Kate and
               Dominique Schr{\"{o}}der},
  title     = {Liar, Liar, Coins on Fire!: Penalizing Equivocation By Loss of {Bitcoins}},
  booktitle = {{ACM} {CCS}},
  pages     = {219--230},
  year      = {2015},
  opturl       = {http://doi.acm.org/10.1145/2810103.2813686},
  doi       = {10.1145/2810103.2813686},
}

@misc{Nick20liquid,
  author    = {Jonas Nick and Andrew Poelstra and Gregory Sanders},
  title     = {Liquid: a {Bitcoin} Sidechain},
  year      = {2020},
  howpublished = {\url{https://blockstream.com/assets/downloads/pdf/liquid-whitepaper.pdf}},
}

@article{Swambo20bitcoin,
  title     = {Bitcoin Covenants: Three Ways to Control the Future},
  author    = {Jacob Swambo and Spencer Hommel and Bob McElrath and Bryan Bishop},
  year      = {2020},
  journal   = {CoRR},
  volume    = {abs/2006.16714},
  archivePrefix = {arXiv},
  primaryClass = {cs.CR}
}

@article{Szabo97firstmonday,
  author    = {Nick Szabo},
  title     = {Formalizing and Securing Relationships on Public Networks},
  journal   = {First Monday},
  volume    = {2},
  number    = {9},
  year      = {1997},
  note      = {\url{http://firstmonday.org/htbin/cgiwrap/bin/ojs/index.php/fm/article/view/548}},
}

@inproceedings{Thompson18isola,
  author    = {Pablo Lamela Seijas and
               Simon J. Thompson},
  title     = {Marlowe: Financial Contracts on Blockchain},
  booktitle = {{ISoLA}},
  pages     = {356--375},
  year      = {2018},
  doi       = {10.1007/978-3-030-03427-6_27},
  series    = {LNCS},
  volume    = {11247},
  publisher = {Springer},
}

@misc{Zahnentferner20iacr,
  author    = {Joachim Zahnentferner},
  title     = {Multi-Currency Ledgers},
  howpublished = {Cryptology ePrint Archive, Report 2020/895},
  year      = {2020},
  note      = {\url{https://eprint.iacr.org/2020/895}},
}

@misc{Zahnentferner18utxo,
  author    = {Joachim Zahnentferner},
  title     = {An Abstract Model of {UTxO}-based Cryptocurrencies with Scripts},
  howpublished = {Cryptology ePrint Archive, Report 2018/469},
  year      = {2018},
  note      = {\url{https://eprint.iacr.org/2018/469}},
}


%%%%%%%%%%%%%%%%%%%%%%%%%%%%%%%%%%%%%%%%%%%%%%%%%%%%%%%%%%%%%%%%%%%%%%
%%% Scientific papers on lotteries
%%%%%%%%%%%%%%%%%%%%%%%%%%%%%%%%%%%%%%%%%%%%%%%%%%%%%%%%%%%%%%%%%%%%%%

@inproceedings{Fouque00fc,
  author    = {Pierre{-}Alain Fouque and
               Guillaume Poupard and
               Jacques Stern},
  title     = {Sharing Decryption in the Context of Voting or Lotteries},
  booktitle = {Financial Cryptography},
  pages     = {90--104},
  year      = {2000},
  series    = {LNCS},
  volume    = {1962},
  publisher = {Springer},  
  doi       = {10.1007/3-540-45472-1_7},
}

@inproceedings{Goldschlag98fc,
  author    = {David M. Goldschlag and
               Stuart G. Stubblebine},
  title     = {Publicly Verifiable Lotteries: Applications of Delaying Functions},
  booktitle = {Financial Cryptography},
  pages     = {214--226},
  year      = {1998},
  series    = {LNCS},
  volume    = {1465},
  publisher = {Springer},  
  doi       = {10.1007/BFb0055485},
}

@article{Goldschlag10ijisec,
  author    = {David M. Goldschlag and
               Stuart G. Stubblebine and
               Paul F. Syverson},
  title     = {Temporarily hidden bit commitment and lottery applications},
  journal   = {Int. J. Inf. Sec.},
  volume    = {9},
  number    = {1},
  pages     = {33--50},
  year      = {2010},
  doi       = {10.1007/s10207-009-0094-1},
}

@inproceedings{Rivest97fc,
  author    = {Ronald L. Rivest},
  title     = {Electronic Lottery Tickets as Micropayments},
  booktitle = {Financial Cryptography},
  pages     = {307--314},
  year      = {1997},
  series    = {LNCS},
  volume    = {1318},
  publisher = {Springer},  
  doi       = {10.1007/3-540-63594-7_87},
}

@inproceedings{Syverson98csfw,
  author    = {Paul F. Syverson},
  title     = {Weakly Secret Bit Commitment: Applications to Lotteries and Fair Exchange},
  booktitle = {{IEEE} {CSFW}},
  pages     = {2--13},
  year      = {1998},
  doi       = {10.1109/CSFW.1998.683149},
}


%%%%%%%%%%%%%%%%%%%%%%%%%%%%%%%%%%%%%%%%%%%%%%%%%%%%%%%%%%%%%%%%%%%%%%
%%% Scientific papers on Ethereum and smart contracts
%%%%%%%%%%%%%%%%%%%%%%%%%%%%%%%%%%%%%%%%%%%%%%%%%%%%%%%%%%%%%%%%%%%%%%

@article{Arusoaie20arxiv,
  author    = {Andrei Arusoaie},
  title     = {Certifying {Findel} Derivatives for Blockchain},
  journal   = {CoRR},
  volume    = {abs/2005.13602},
  year      = {2020},
  url       = {https://arxiv.org/abs/2005.13602},
  archivePrefix = {arXiv},
  eprint    = {2005.13602},
}

@inproceedings{ABC17post,
  author    = {Nicola Atzei and
               Massimo Bartoletti and
               Tiziana Cimoli},
  title     = {A Survey of Attacks on {Ethereum} Smart Contracts {(SoK)}},
  booktitle = {Principles of Security and Trust ({POST})},
  pages     = {164--186},
  year      = {2017},
  series    = {LNCS},
  volume    = {10204},
  publisher = {Springer},  
  doi       = {10.1007/978-3-662-54455-6_8},
}

@inproceedings{Bhargavan16solidether,
  author    = {Karthikeyan Bhargavan and Antoine Delignat-Lavaud and Cedric Fournet and Anitha Gollamudi and Georges Gonthier and Nadim Kobeissi and Aseem Rastogi and Thomas Sibut-Pinote and Nikhil Swamy and Santiago Zanella-Beguelin},
  title     = {Formal Verification of Smart Contracts},
  optmonth     = {July},
  booktitle = {{PLAS}},
  year      = {2016}
}

@inproceedings{Swamy16popl,
  author    = {Nikhil Swamy and
               Catalin Hritcu and
               Chantal Keller and
               Aseem Rastogi and
               Antoine Delignat{-}Lavaud and
               Simon Forest and
               Karthikeyan Bhargavan and
               C{\'{e}}dric Fournet and
               Pierre{-}Yves Strub and
               Markulf Kohlweiss and
               Jean Karim Zinzindohoue and
               Santiago Zanella B{\'{e}}guelin},
  title     = {Dependent types and multi-monadic effects in {F}*},
  booktitle = {{POPL}},
  optpages     = {256--270},
  year      = {2016},
  doi       = {10.1145/2837614.2837655},
}

@inproceedings{Hirai17wtsc,
  author    = {Yoichi Hirai},
  title     = {Defining the {Ethereum} {Virtual} {Machine} for Interactive Theorem Provers},
  booktitle = {Financial Cryptography Workshops},
  pages     = {520--535},
  year      = {2017},
  doi       = {10.1007/978-3-319-70278-0_33},
  series    = {LNCS},
  volume    = {10323},
  publisher = {Springer},  
}

@book{Nipkow02isabelle,
  author={Tobias Nipkow and Lawrence C. Paulson and Markus Wenzel},
  title={{Isabelle/HOL}: a proof assistant for higher-order logic},
  volume={2283},
  year={2002},
  publisher={Springer Science \& Business Media}
}

@InProceedings{Luu15ccs,
  author    = {Luu, Loi and Teutsch, Jason and Kulkarni, Raghav and Saxena, Prateek},
  title      = {Demystifying Incentives in the Consensus Computer},
  optbooktitle  = {Proc. 22Nd {ACM} {SIGSAC} Conference on Computer and Communications Security},
  booktitle  = {{ACM} {CCS}},
  optseries     = {{CCS}'15},
  pages = {706--719},
  optpublisher = {ACM},
  year = {2015},
  doi = {10.1145/2810103.2813659},
} 

@InProceedings{Mavridou18fc,
  author   = {Anastasia Mavridou and Aron Laszka},
  title      = {Designing Secure {Ethereum} Smart Contracts: A Finite State Machine Based Approach},
  booktitle = {{Financial} Cryptography and Data Security},
  year      = {2018}
}

@article{EgelundMuller17bise,
  author    = {Benjamin Egelund{-}M{\"{u}}ller and
               Martin Elsman and
               Fritz Henglein and
               Omri Ross},
  title     = {Automated Execution of Financial Contracts on Blockchains},
  journal   = {Business {\&} Information Systems Engineering},
  volume    = {59},
  number    = {6},
  pages     = {457--467},
  year      = {2017},
  doi       = {10.1007/s12599-017-0507-z},
}

@inproceedings{Grishchenko18post,
  author    = {Ilya Grishchenko and
               Matteo Maffei and
               Clara Schneidewind},
  title     = {A Semantic Framework for the Security Analysis of Ethereum Smart Contracts},
  booktitle = {Principles of Security and Trust ({POST})},
  pages     = {243--269},
  year      = {2018},
  doi       = {10.1007/978-3-319-89722-6_10},
  series    = {LNCS},
  volume    = {10804},
  publisher = {Springer},
}

@inproceedings{Grishchenko18cav,
  author    = {Ilya Grishchenko and
               Matteo Maffei and
               Clara Schneidewind},
  title     = {Foundations and Tools for the Static Analysis of {Ethereum} Smart Contracts},
  booktitle = {CAV},
  pages     = {51--78},
  year      = {2018},
  series    = {LNCS},
  volume    = {10981},
  publisher = {Springer},  
  doi       = {10.1007/978-3-319-96145-3_4},
}

@inproceedings{Androulaki18eurosys,
  author    = {Elli Androulaki and
               Artem Barger and
               Vita Bortnikov and
               Christian Cachin and
               Konstantinos Christidis and
               Angelo De Caro and
               David Enyeart and
               Christopher Ferris and
               Gennady Laventman and
               Yacov Manevich and
               Srinivasan Muralidharan and
               Chet Murthy and
               Binh Nguyen and
               Manish Sethi and
               Gari Singh and
               Keith Smith and
               Alessandro Sorniotti and
               Chrysoula Stathakopoulou and
               Marko Vukolic and
               Sharon Weed Cocco and
               Jason Yellick},
  title     = {{Hyperledger} {Fabric}: a distributed operating system for permissioned blockchains},
  booktitle = {EuroSys},
  pages     = {30:1--30:15},
  year      = {2018},
  doi       = {10.1145/3190508.3190538},
}

@misc{ethereum,
  title={{Ethereum}: a next generation smart contract and decentralized application platform},
  author={Vitalik Buterin},
  year={2013},
  howpublished = {\url{https://github.com/ethereum/wiki/wiki/White-Paper}},
  key = {ethereum}
}

@misc{ethereumyellowpaper,
  author     = {Gavin Wood},
  title      = {{Ethereum}: a secure decentralised generalised transaction ledger},
  year       = {2014},
  howpublished = {\url{gavwood.com/paper.pdf}}
}

@article{Delmolino15,
  author    = {Kevin Delmolino and Mitchell Arnett and
               Andrew Millerand Ahmed Kosba and Elaine Shi},
  title     = {Step by Step Towards Creating a Safe Smart Contract: Lessons and
Insights from a Cryptocurrency Lab},
  optbooktitle = {Financial Cryptography and Data Security - {FC} 2016 International
               Workshops, BITCOIN, VOTING, and WAHC, Christ Church, Barbados, February
               26, 2016, Revised Selected Papers},
  booktitle = {Workshop on {Bitcoin} and Blockchain Research},
  year      = {2016}
}

@inproceedings{Juels16ccs,
  author    = {Ari Juels and
               Ahmed E. Kosba and
               Elaine Shi},
  title     = {The {Ring} of {Gyges}: Investigating the Future of Criminal Smart Contracts},
  booktitle = {{ACM} {CCS}},
  pages     = {283--295},
  year      = {2016},
  doi       = {10.1145/2976749.2978362},
}

@inproceedings{Kosba16sp,
  author    = {Ahmed E. Kosba and
               Andrew Miller and
               Elaine Shi and
               Zikai Wen and
               Charalampos Papamanthou},
  title     = {Hawk: The Blockchain Model of Cryptography and Privacy-Preserving
               Smart Contracts},
  booktitle = {{IEEE} Symp. on Security and Privacy},
  pages     = {839--858},
  year      = {2016},
  doi       = {10.1109/SP.2016.55},
}

@misc{Lamela16iacr,
    author = {Pablo Lamela Seijas and Simon Thompson and Darryl McAdams},
    title = {Scripting smart contracts for distributed ledger technology},
    howpublished = {Cryptology ePrint Archive, Report 2016/1156},
    year = {2016},
    note = {\url{http://eprint.iacr.org/2016/1156}},
}

@InProceedings{Luu16ccs,
  author = {Loi Luu and Duc-Hiep Chu and Hrishi Olickel and Prateek Saxena and Aquinas Hobor},
  title = {Making Smart Contracts Smarter},
  booktitle  = {{ACM} {CCS}},
  pages     = {254--269},
  doi       = {10.1145/2976749.2978309},
  year = {2016},
  optpublisher = {{ACM}},  
  optnote = {\url{http://eprint.iacr.org/2016/633}},
}

@inproceedings{Moore12fc,
  author    = {Tyler Moore and
               Jie Han and
               Richard Clayton},
  title     = {The Postmodern {Ponzi} Scheme: Empirical Analysis of High-Yield Investment Programs},
  booktitle = {Financial Cryptography and Data Security},
  pages     = {41--56},
  year      = {2012},
  doi       = {10.1007/978-3-642-32946-3_4},
}

@article{Meiklejohn16cacm,
  author    = {Sarah Meiklejohn and
               Marjori Pomarole and
               Grant Jordan and
               Kirill Levchenko and
               Damon McCoy and
               Geoffrey M. Voelker and
               Stefan Savage},
  title     = {A fistful of {Bitcoins}: characterizing payments among men with no names},
  journal   = {Commun. {ACM}},
  volume    = {59},
  number    = {4},
  pages     = {86--93},
  year      = {2016},
  doi       = {10.1145/2896384},
}

@article{Moore13ijcip,
  author    = {Tyler Moore},
  title     = {The promise and perils of digital currencies},
  journal   = {{IJCIP}},
  volume    = {6},
  number    = {3-4},
  pages     = {147--149},
  year      = {2013},
  doi       = {10.1016/j.ijcip.2013.08.002},
}

@inproceedings{Spagnuolo14bitodine,
  author    = {Michele Spagnuolo and
               Federico Maggi and
               Stefano Zanero},
  title     = {BitIodine: Extracting Intelligence from the {Bitcoin} Network},
  booktitle = {Financial Cryptography and Data Security},
  pages     = {457--468},
  year      = {2014},
  doi       = {10.1007/978-3-662-45472-5_29},
}

@inproceedings{Vasek14fc,
  author    = {Marie Vasek and
               Micah Thornton and
               Tyler Moore},
  title     = {Empirical Analysis of Denial-of-Service Attacks in the {Bitcoin} Ecosystem},
  booktitle = {Financial Cryptography and Data Security},
  pages     = {57--71},
  year      = {2014},
  doi       = {10.1007/978-3-662-44774-1_5},
}

@inproceedings{Vasek15fc,
  author    = {Marie Vasek and
               Tyler Moore},
  title     = {There's No Free Lunch, Even Using {Bitcoin}: Tracking the Popularity
               and Profits of Virtual Currency Scams},
  booktitle = {Financial Cryptography and Data Security},
  pages     = {44--61},
  year      = {2015},
  doi       = {10.1007/978-3-662-47854-7_4},
}

@misc{BIP141,
  author    = {Eric Lombrozo and Johnson Lau and Pieter Wuille},
  title     = {Segregated Witness (Consensus layer)},
  note      = {{BIP} 141, \url{https://github.com/bitcoin/bips/blob/master/bip-0141.mediawiki}},
  year      = {2015}
}

@article{Tsankov18securify,
  author    = {Petar Tsankov and
               Andrei Marian Dan and
               Dana Drachsler Cohen and
               Arthur Gervais and
               Florian Buenzli and
               Martin T. Vechev},
  title     = {Securify: Practical Security Analysis of Smart Contracts},
  journal   = {CoRR},
  volume    = {abs/1806.01143},
  year      = {2018},
}

@article{Sergey18scilla,
  author    = {Ilya Sergey and
               Amrit Kumar and
               Aquinas Hobor},
  title     = {Scilla: a Smart Contract Intermediate-Level LAnguage},
  journal   = {CoRR},
  volume    = {abs/1801.00687},
  year      = {2018},
}

@inproceedings{Chatterjee18esop,
  author    = {Krishnendu Chatterjee and
               Amir Kafshdar Goharshady and
               Yaron Velner},
  title     = {Quantitative Analysis of Smart Contracts},
  booktitle = {{ESOP}},
  pages     = {739--767},
  year      = {2018},
  doi       = {10.1007/978-3-319-89884-1_26},
}

@misc{algorandAssets,
  title		= {Algorand Developer Docs - Assets},
  note 		= {\url{https://developer.algorand.org/docs/features/asa/}},
  year		= {2020},
}

@misc{epobc,
  title		= {EPOBC protocol specification},
  note		= {\url{https://github.com/chromaway/ngcccbase/wiki/EPOBC_simple}},
  year		= {2020}
}

@misc{openAssets,
	title		= {OpenAssets protocol},
	note		= {\url{https://github.com/OpenAssets}},
	year		= {2020}
}

@misc{colu,
	title		= {Colu website},
	note		= {\url{https://www.colu.com/}},
	year		= {2020}
}

@misc{counterparty,
	title		= {Counterpary website},
	note		= {\url{http://counterparty.io/}},
	year		= {2020}
}



%%%%%%%%%%%%%%%%%%%%%%%%%%%%%%%%%%%%%%%%%%%%%%%%%%%%%%%%%%%%%%%%%%%%%%
%%% Reference papers on cryptography
%%%%%%%%%%%%%%%%%%%%%%%%%%%%%%%%%%%%%%%%%%%%%%%%%%%%%%%%%%%%%%%%%%%%%%

@article{Abadi07joc,
  author    = {Mart{\'{\i}}n Abadi and
               Phillip Rogaway},
  title     = {Reconciling Two Views of Cryptography (The Computational Soundness
               of Formal Encryption)},
  journal   = {J. Cryptology},
  volume    = {20},
  number    = {3},
  pages     = {395},
  year      = {2007},
  doi       = {10.1007/s00145-007-0203-0},
}

@inproceedings{Bellare93,
 author     = {Bellare, Mihir and Rogaway, Phillip},
 title      = {Random Oracles Are Practical: A Paradigm for Designing Efficient Protocols},
 booktitle  = {{ACM} Conference on Computer and Communications Security},
 year       = {1993},
 pages      = {62--73},
 doi        = {10.1145/168588.168596},
 acmid      = {168596},
 publisher  = {ACM},
} 

@inproceedings{Blum81,
  author    = {Manuel Blum},
  title     = {Coin Flipping by Telephone},
  booktitle = {{IEEE} Workshop on Communications Security},
  pages     = {11--15},
  year      = {1981},
}

@inproceedings{Boneh00crypto,
  author    = {Dan Boneh and
               Moni Naor},
  title     = {Timed Commitments},
  booktitle = {{CRYPTO}},
  pages     = {236--254},
  series    = {LNCS},
  volume    = {1880},
  publisher = {Springer},
  doi       = {10.1007/3-540-44598-6},  
  year      = {2000},
}

@article{Rivest78jacm,
  author    = {Rivest, Ronald L and Shamir, Adi and Adleman, Len},
  title     = {A method for obtaining digital signatures and public-key cryptosystems},
  journal   = {Communications of the {ACM}},
  volume    = {21},
  number    = {2},
  pages     = {120--126},
  year      = {1978},
  publisher = {ACM}
}


%%%%%%%%%%%%%%%%%%%%%%%%%%%%%%%%%%%%%%%%%%%%%%%%%%%%%%%%%%%%%%%%%%%%%%
%%% Other stuff
%%%%%%%%%%%%%%%%%%%%%%%%%%%%%%%%%%%%%%%%%%%%%%%%%%%%%%%%%%%%%%%%%%%%%%

@article{Bennett73lrc,
  author	= {Bennett, C. H.},
  title		= {Logical reversibility of computation},
  journal	= {IBM J. Res. Dev.},
  volume	= {17},
  issue		= {6},
  month		= {November},
  year		= {1973},
  pages		= {525--532},
  numpages	= {8},
  publisher	= {IBM Corp.}
}

@incollection{Mezzina20cost,
  author    = {Claudio Antares Mezzina and
               Rudolf Schlatte and
               Robert Gl{\"{u}}ck and
               Tue Haulund and
               James Hoey and
               Martin Holm Cservenka and
               Ivan Lanese and
               Torben {\AE}. Mogensen and
               Harun Siljak and
               Ulrik Pagh Schultz and
               Irek Ulidowski},
  title     = {Software and Reversible Systems: {A} Survey of Recent Activities},
  booktitle = {Reversible Computation: Extending Horizons of Computing - Selected
               Results of the {COST} Action {IC1405}},
  series    = {LNCS},
  volume    = {12070},
  pages     = {41--59},
  publisher = {Springer},
  year      = {2020},
  doi       = {10.1007/978-3-030-47361-7_2},
}

@inproceedings{SifNic91,
  author    = {Xavier Nicollin and
               Joseph Sifakis},
  title     = {An Overview and Synthesis on Timed Process Algebras},
  booktitle = {CAV},
  year      = {1991},
  pages     = {376-398},
  doi       = {10.1007/3-540-55179-4_36},
  bibsource = {DBLP, http://dblp.uni-trier.de}
}

@misc{Brown16corda,
  author     = {Richard G. Brown and James Carlyle and Ian Grigg and Mike Hearn},
  title      = {{Corda}: An Introduction},
  year       = {2016},
  howpublished = {\url{http://r3cev.com/s/corda-introductory-whitepaper-final.pdf}}
}

@inproceedings{Frantz16ecas,
  author    = {C. K. Frantz and M. Nowostawski},
  title     = {From Institutions to Code: towards Automated Generation of Smart Contracts},
  optbooktitle = {Workshop on Engineering Collective Adaptive Systems (eCAS)},
  booktitle = {{eCAS} Workshop},
  year      = {2016}
}

@inproceedings{Biryukov17wtsc,
  author    = {Alex Biryukov and
               Dmitry Khovratovich and
               Sergei Tikhomirov},
  title     = {Findel: Secure Derivative Contracts for {Ethereum}},
  booktitle = {Financial Cryptography Workshops},
  pages     = {453--467},
  year      = {2017},
  doi       = {10.1007/978-3-319-70278-0_28},
  series    = {LNCS},
  volume    = {10323},
  publisher = {Springer},  
}

@inproceedings{PeytonJones00icfp,
  author    = {Simon L. Peyton Jones and
               Jean{-}Marc Eber and
               Julian Seward},
  title     = {Composing contracts: an adventure in financial engineering, functional pearl},
  booktitle = {International Conference on Functional Programming {(ICFP)}},
  pages     = {280--292},
  year      = {2000},
  doi       = {10.1145/351240.351267},
}

@article{Gastwirth84ponzi,
  author = {J. L. Gastwirth and P. K. Bhattacharya},
  journal = {Operations Research},
  number = {3},
  pages = {527-536},
  publisher = {INFORMS},
  title = {Two Probability Models of Pyramid or Chain Letter Schemes Demonstrating That Their Promotional Claims Are Unreliable},
  volume = {32},
  year = {1984}
}

@techreport{Murphy15crs,
  title  = {Bitcoin: Questions, Answers, and Analysis of Legal Issues},
  author = {Edward V. Murphy and M. Maureen Murphy and Michael V. Seitzinger},
  year   = {2015},
  institution = {Congressional Research Service}
}

@article{ngld,
  author={L. Yujian and L. Bo},
  journal={{IEEE} Trans. on Pattern Analysis and Machine Intelligence},
  title={A Normalized {Levenshtein} Distance Metric},
  year={2007},
  volume={29},
  number={6},
  pages={1091-1095},
  doi={10.1109/TPAMI.2007.1078},
}

@article{Slattery2014taking,
  title={Taking A Bit Out of Crime: Bitcoin and Cross-Border Tax Evasion},
  author={Slattery, Thomas},
  journal={Brook. J. Int'l L.},
  volume={39},
  pages={829},
  year={2014},
  publisher={HeinOnline}
}

@book{Brito2013bitcoin,
  title={Bitcoin: A primer for policymakers},
  author={Brito, Jerry and Castillo, Andrea},
  year={2013},
  publisher={Mercatus Center at George Mason University}
}

@misc{DAO,
  title     = {Understanding the {DAO} attack},
  note      = {\url{http://www.coindesk.com/understanding-dao-hack-journalists/}},
  month     = {June},
  year      = {2016}
}

@misc{parity17jul,
  title     = {Parity {Wallet} Security Alert},
  note      = {\url{https://paritytech.io/blog/security-alert.html}},
  month     = {July},
  year      = {2017},
}

@misc{parity17nov,
  title     = {A {Postmortem} on the {Parity} {Multi-Sig} Library Self-Destruct},
  note      = {\url{https://goo.gl/Kw3gXi}},
  month     = {November},
  year      = {2017},
}

@article{barratt2012silk,
  title={Silk Road: eBay for drugs},
  author={Barratt, Monica J},
  journal={Addiction},
  volume={107},
  number={3},
  pages={683--683},
  year={2012},
  publisher={Wiley Online Library}
}

@article{Artzrouni09,
  author    = {Marc Artzrouni},
  title     = {The mathematics of {Ponzi} schemes},
  journal   = {Mathematical Social Sciences},
  volume    = {58},
  number    = {2},
  pages     = {190--201},
  year      = {2009},
  url       = {http://dx.doi.org/10.1016/j.mathsocsci.2009.05.003},
  doi       = {10.1016/j.mathsocsci.2009.05.003},
  timestamp = {Wed, 15 Sep 2010 08:14:08 +0200},
  biburl    = {http://dblp.dagstuhl.de/rec/bib/journals/mss/Artzrouni09},
  bibsource = {dblp computer science bibliography, http://dblp.org}
}

@article{Koehn01ponzi,
  title={Ethical issues connected with multi-level marketing schemes},
  author={Koehn, Daryl},
  journal={Journal of Business Ethics},
  volume={29},
  number={1-2},
  pages={153--160},
  year={2001},
  publisher={Springer}
}

@misc{ethtrade,
  title = {{Ethtrade} Review -– Is {Ethtrade} a Scam or Legitimate? Read Before You Invest},
  month = {december},
  year = {2016},
  howpublished = {\url{https://managingyourfinance.com/ethtrade-review-is-ethtrade-a-scam-or-legitimate-read-before-you-invest}}
}

@misc{badbitcoin,
  title = {BadBitcoin: the Bad list},
  howpublished = {\url{http://badbitcoin.org/thebadlist/index.htm}}
}

@misc{bitcoin-zkcp,
  title  = {The first successful Zero-Knowledge Contingent Payment},
  author ={Gregory Maxwell},
  year   = {2016},
  howpublished = {\url{https://bitcoincore.org/en/2016/02/26/zero-knowledge-contingent-payments-announcement/}},
}

@misc{wikioracle,
  title = {Bitcoin wiki - Contracts - Using external state},
  howpublished = {\url{https://en.bitcoin.it/wiki/Contract\#Example_4:_Using_external_state}},
  year = {2012}
}

@misc{wikiassurance,
  title = {Bitcoin wiki - Contracts - Assurance contracts},
  howpublished = {\url{https://en.bitcoin.it/wiki/Contract#Example_3:_Assurance_contracts}},
  year = {2012}
}

@misc{wikicontracts,
  title = {Bitcoin wiki - Contracts},
  howpublished = {\url{https://en.bitcoin.it/wiki/Contract}},
  year = {2012}
}

@misc{escrow,
  title = {Bitcoin developer guide - Escrow and arbitration},
  howpublished = {\url{https://bitcoin.org/en/developer-guide\#escrow-and-arbitration}},
  year = {2015},
  lastaccessed = {March 1, 2018}  
}

@misc{bitfury,
  title     = {Smart Contracts on {Bitcoin} Blockchain},
  author    = {{BitFury group}},
  note      = {\url{http://bitfury.com/content/5-white-papers-research/contracts-1.1.1.pdf}},
  year      = {2015}
}

@misc{kotet,
  title     = {{King ot the Ether Throne}},
  note      = {\url{https://web.archive.org/web/20160211005112/https://www.kingoftheether.com/}},
  year      = {2016}
}

@misc{ERC20,
  title     = {{ERC-20} Token Standard},
  note      = {\url{https://github.com/ethereum/EIPs/blob/master/EIPS/eip-20.md}},
  year      = {2015}
}

@misc{ERC721,
  title = {{EIP 721}: {ERC-721} Non-Fungible Token Standard},
  author = {William Entriken and Dieter Shirley and Jacob Evans and Nastassia Sachs},
  note = {\url{https://eips.ethereum.org/EIPS/eip-721}}
}

@misc{bitcointalk-covenants,
  title  = {{CoinCovenants} using {SCIP} signatures, an amusingly bad idea},
  author ={Gregory Maxwell},
  note   = {\url{https://bitcointalk.org/index.php?topic=278122.0}},
  year   = {2013}, 
}

@misc{BIP119,
  author    = {Jeremy Rubin},
  title     = {{CHECKTEMPLATEVERIFY}},
  note      = {{BIP} 119, \url{https://github.com/bitcoin/bips/blob/master/bip-0119.mediawiki}},
  year      = {2020}

}

@misc{BIP341,
	author    = {Pieter Wuille, Jonas Nick, Anthony Towns},
	title     = {{Taproot: SegWit version 1 spending rules}},
	note      = {{BIP} 341, \url{https://github.com/bitcoin/bips/blob/master/bip-0341.mediawiki}},
	year      = {2020}
}

@misc{BIP0002,
	author    = {Luke Dashjr},
	title     = {{BIP} 0002},
	note      = {\url{https://en.bitcoin.it/wiki/BIP_0002}},
	year      = {2016}
}

@inproceedings{Angelo20dapps,
  author    = {Monika Di Angelo and
               Gernot Salzer},
  title     = {Tokens, Types, and Standards: Identification and Utilization in {Ethereum}},
  booktitle = {{DAPPS}},
  pages     = {1--10},
  publisher = {{IEEE}},
  year      = {2020},
  doi       = {10.1109/DAPPS49028.2020.00001},
}

@inproceedings{Frowis19fc,
  author    = {Michael Fr{\"{o}}wis and
               Andreas Fuchs and
               Rainer B{\"{o}}hme},
  title     = {Detecting Token Systems on {Ethereum}},
  booktitle = {Financial Cryptography and Data Security},
  pages     = {93--112},
  year      = {2019},
  series    = {LNCS},
  volume    = {11598},
  publisher = {Springer},
  doi       = {10.1007/978-3-030-32101-7_7},
}

@misc{tokens,
  title = {Ethereum token dynanics},
  note = {\url{https://stat.bloxy.info/superset/dashboard/tokens}}
}

@misc{wiki:concave_function,
  title        = {Concave function},
  author       = {{Wikipedia contributors}},
  year         = {n.d.},
  howpublished = {\url{https://en.wikipedia.org/wiki/Concave_function}},
  note         = {[Online; accessed 11-May-2025]}
}

@article{FMR68,
  author    = {Patrick C. Fischer and Albert R. Meyer and Arnold L. Rosenberg}, 
  year      = {1968},
  title     = {Counter machines and counter languages},
  journal   = {Mathematical systems theory},
  pages     = {265--283},
  volume    = {2},
  number    = {3},
  doi       = {10.1007/BF01694011},
}

@inproceedings{Yao86focs,
  author    = {Andrew Chi{-}Chih Yao},
  title     = {How to Generate and Exchange Secrets (Extended Abstract)},
  booktitle = {27th Annual Symposium on Foundations of Computer Science, Toronto,
               Canada, 27-29 October 1986},
  pages     = {162--167},
  publisher = {{IEEE} Computer Society},
  year      = {1986},
  doi       = {10.1109/SFCS.1986.25},
}

@inproceedings{Goldreich87stoc,
  author    = {Oded Goldreich and
               Silvio Micali and
               Avi Wigderson},
  opteditor    = {Alfred V. Aho},
  title     = {How to Play any Mental Game or {A} Completeness Theorem for Protocols
               with Honest Majority},
  booktitle = {{ACM} Symposium on Theory of Computing},
  pages     = {218--229},
  publisher = {{ACM}},
  year      = {1987},
  doi       = {10.1145/28395.28420},
}

@inproceedings{Mazurkiewicz88rex,
  author    = {Antoni W. Mazurkiewicz},
  title     = {Basic notions of trace theory},
  booktitle = {Linear Time, Branching Time and Partial Order in Logics and Models for Concurrency},
  pages     = {285--363},
  doi       = {10.1007/BFb0013025},
  series    = {LNCS},
  volume    = {354},
  publisher = {Springer},
  year      = {1988},
}

@misc{citelean2025,
  author       = {Oliver Emil Bøving},
  title        = {cite-lean},
  year         = {2025},
  publisher    = {GitHub},
  howpublished = {\url{https://github.com/oeb25/cite-lean}},
  note         = {Accessed: 2025-05-12}
}
